<?xml version="1.0" encoding="UTF-8"?>
<collection xmlns:xsi="http://www.w3.org/2001/XMLSchema-instance" xsi:schemaLocation="http://www.loc.gov/MARC21/slim http://www.loc.gov/standards/marcxml/schema/MARC21slim.xsd" xmlns="http://www.loc.gov/MARC21/slim">
<record>
  <leader>00822cam a22002171  4500</leader>
  <controlfield tag="001">2537556</controlfield>
  <controlfield tag="003">NNC</controlfield>
  <controlfield tag="005">20130520194621.0</controlfield>
  <controlfield tag="008">000413s1932    le a          000 0 ara d</controlfield>
  <datafield tag="035" ind1=" " ind2=" ">
    <subfield code="a">(OCoLC)ocm43846640</subfield>
  </datafield>
  <datafield tag="035" ind1=" " ind2=" ">
    <subfield code="9">AQL8925CU</subfield>
  </datafield>
  <datafield tag="035" ind1=" " ind2=" ">
    <subfield code="a">(NNC)2537556</subfield>
  </datafield>
  <datafield tag="035" ind1=" " ind2=" ">
    <subfield code="a">2537556</subfield>
  </datafield>
  <datafield tag="040" ind1=" " ind2=" ">
    <subfield code="a">ZCU</subfield>
    <subfield code="c">ZCU</subfield>
  </datafield>
  <datafield tag="090" ind1=" " ind2=" ">
    <subfield code="a">DT96</subfield>
    <subfield code="b">.C3</subfield>
  </datafield>
  <datafield tag="100" ind1="1" ind2=" ">
    <subfield code="a">Qarʼalī, Būlus,</subfield>
    <subfield code="d">-1952.</subfield>
  </datafield>
  <datafield tag="245" ind1="1" ind2="3">
    <subfield code="a">al-Laʾāliʾ fī ḥayāt al-maṭrān ʻAbd Allāh Qarālī,</subfield>
    <subfield code="b">muʾassis al-Rahbānīyah al-Lubnānīyah wa Raʾīs Asāqifat Bayrūt, 1672-1742.</subfield>
    <subfield code="c">Bi-qalam al-khūrī Būlus Qarālī.</subfield>
  </datafield>
  <datafield tag="260" ind1=" " ind2=" ">
    <subfield code="a">Bayt Shabāb (Lubnān),</subfield>
    <subfield code="b">Matbaʻat al-ʻAlam,</subfield>
    <subfield code="c">1932.</subfield>
  </datafield>
  <datafield tag="300" ind1=" " ind2=" ">
    <subfield code="a">v.</subfield>
    <subfield code="b">illus.</subfield>
    <subfield code="c">24 cm.</subfield>
  </datafield>
  <datafield tag="500" ind1=" " ind2=" ">
    <subfield code="a">Added t.-p. in French: Abdallah Carali, Archévêque de Beyrouth ... Par l'abbé Paul Carali.</subfield>
  </datafield>
  <datafield tag="955" ind1=" " ind2=" ">
    <subfield code="b">CU52877221</subfield>
    <subfield code="d">off,glx</subfield>
    <subfield code="e">DT96 .C3</subfield>
  </datafield>
</record>
</collection>